<record xmlns="http://www.loc.gov/MARC21/slim" xmlns:xsi="http://www.w3.org/2001/XMLSchema-instance" xsi:schemaLocation="http://www.loc.gov/MARC21/slim http://www.loc.gov/standards/marcxml/schema/MARC21slim.xsd"><leader>01413nz   2200205n  4500</leader><controlfield tag="001">oca03893467 </controlfield><controlfield tag="005">19950808053339.1</controlfield><controlfield tag="008">950804n| acannaab|          |a aaa     c</controlfield><datafield ind1=" " ind2=" " tag="010"><subfield code="a">nr 95028757 </subfield></datafield><datafield ind1=" " ind2=" " tag="040"><subfield code="a">NNC</subfield><subfield code="c">NNC</subfield></datafield><datafield ind1="1" ind2=" " tag="100"><subfield code="a">Asellio, Sempronius,</subfield><subfield code="d">fl. 150-91 B.C.</subfield></datafield><datafield ind1="0" ind2=" " tag="400"><subfield code="a">Sempronius Asellio,</subfield><subfield code="d">fl. 150-91 B.C.</subfield></datafield><datafield ind1="1" ind2=" " tag="400"><subfield code="a">Asellio, P. Sempronius,</subfield><subfield code="d">fl. 150-91 B.C.</subfield></datafield><datafield ind1="1" ind2=" " tag="400"><subfield code="a">Asellio, Gaius Sempronius,</subfield><subfield code="d">fl. 150-91 B.C.</subfield></datafield><datafield ind1=" " ind2=" " tag="670"><subfield code="a">Rerum gestarum libri [CF] 1991:</subfield><subfield code="b">PHI CD ROM #5.3, Latin Canon, bibliographic screen (Sempronius Asellio)</subfield></datafield><datafield ind1=" " ind2=" " tag="670"><subfield code="a">Pauly-Wissowa:</subfield><subfield code="b">. 2, Reihe, 4. Halbbd.; "Sempronius", #15 (Sempronius Asellio; author of contemporary history; military tribune at Numantia, 134-133 B.C., therefore not identifiable with the praetor L. Sempronius Asellio of 100 B.C.; his history extends to 91 B.C.)</subfield></datafield><datafield ind1=" " ind2=" " tag="670"><subfield code="a">Oxford class. dict., 1st ed.:</subfield><subfield code="b">p. 107 (Asellio, Sempronius; historian; military tribune at Numantia, 134-133 B.C.; wrote a history of his own times, extending to 91 B.C.)</subfield></datafield><datafield ind1=" " ind2=" " tag="670"><subfield code="a">Peter, H. Historicorum romanorum reliquiae, 1914:</subfield><subfield code="b">p. ccxlii (Sempronius Asellio; b. before 150 B.C.; military tribune at Numantia, 134-133 B.C.; wrote history extending to 91 B.C.)</subfield></datafield><datafield ind1=" " ind2=" " tag="670"><subfield code="a">Dict. of Greek and Roman biography and mythology, 1967:</subfield><subfield code="b">v. 1, p. 384 (Asellio, P. Sempronius)</subfield></datafield><datafield ind1=" " ind2=" " tag="670"><subfield code="a">Harper's dict. of class. lit. and antiq., 1965:</subfield><subfield code="b">p. 140 (Asellio, Gaius(?) Sempronius)</subfield></datafield></record>